<record><leader>00000cas a22000007a 4500</leader><controlfield tag="001">12533012</controlfield><controlfield tag="008">850910d18641920wiuwr ne      0    0eng d</controlfield><datafield ind1=" " ind2=" " tag="010"><subfield code="a">sn 85041009 </subfield></datafield><datafield ind1=" " ind2=" " tag="040"><subfield code="a">NPV</subfield><subfield code="b">eng</subfield><subfield code="c">NPV</subfield><subfield code="d">OCLCQ</subfield></datafield><datafield ind1=" " ind2=" " tag="042"><subfield code="a">msc</subfield></datafield><datafield ind1=" " ind2=" " tag="045"><subfield code="a">w6x2</subfield></datafield><datafield ind1=" " ind2=" " tag="052"><subfield code="a">4123</subfield><subfield code="b">O2</subfield></datafield><datafield ind1="0" ind2="0" tag="245"><subfield code="a">Oconto lumberman.</subfield></datafield><datafield ind1="1" ind2="3" tag="246"><subfield code="a">Lumberman</subfield></datafield><datafield ind1=" " ind2=" " tag="260"><subfield code="a">Oconto, Oconto County, Wis. :</subfield><subfield code="b">J.W. Hall</subfield></datafield><datafield ind1=" " ind2=" " tag="300"><subfield code="a">v.</subfield></datafield><datafield ind1=" " ind2=" " tag="310"><subfield code="a">Weekly</subfield></datafield><datafield ind1="1" ind2=" " tag="362"><subfield code="a">Began in Mar., 1864; ceased in 1920.</subfield><subfield code="z">Cf. Oehlerts, d. E. Guide to Wis. newspapers.</subfield></datafield><datafield ind1=" " ind2=" " tag="500"><subfield code="a">Editors: J.W. Hall, &lt;Aug. 18&gt;-&lt;Sept. 9, 1864&gt;; J.W. Hall &amp; D.P. Moriarty, &lt;Nov. 22, 1873&gt;-&lt;Jan. 1, 1876&gt;.</subfield></datafield><datafield ind1=" " ind2=" " tag="530"><subfield code="a">Available on microfilm from The State Historical Society of Wisconsin.</subfield></datafield><datafield ind1=" " ind2=" " tag="588"><subfield code="a">Description based on: Vol. 1, no. 22 (Aug. 18, 1864).</subfield></datafield><datafield ind1=" " ind2=" " tag="752"><subfield code="a">United States</subfield><subfield code="b">Wisconsin</subfield><subfield code="c">Oconto</subfield><subfield code="d">Oconto.</subfield></datafield><datafield ind1="1" ind2=" " tag="029"><subfield code="a">AU@</subfield><subfield code="b">000025808822</subfield></datafield></record>